@article{einstein,
    author =       "Albert Einstein",
    title =        "{Zur Elektrodynamik bewegter K{\"o}rper}. ({German})
    [{On} the electrodynamics of moving bodies]",
    journal =      "Annalen der Physik",
    volume =       "322",
    number =       "10",
    pages =        "891--921",
    year =         "1905",
    DOI =          "http://dx.doi.org/10.1002/andp.19053221004",
    keywords =     "physics"
}
 
 @article{Excep,
    title={Exceptional twentieth-century slowdown in Atlantic Ocean overturning circulation},
    volume={5}, 
    DOI={10.1038/nclimate2554},
    number={5},
    journal={Nature Climate Change},
    author={Rahmstorf, Stefan and Box, Jason E. and Feulner, Georg and Mann, Michael E. and Robinson, Alexander and Rutherford, Scott and Schaffernicht, Erik J.},
    year={2015},
    pages={475–480}
}

@misc{solar_growth,
    title={Solar Energy Installations in 2017 Topped Gas, Coal and Nuclear Combined, Amid Steady Growth in Renewables | News | SDG Knowledge Hub | IISD},
    url={http://sdg.iisd.org/news/solar-energy-installations-in-2017-topped-gas-coal-and-nuclear-combined-amid-steady-growth-in-renewables/},
    journal={SDG Knowledge Hub}, author={IISD, Gabriel Gordon-Harper}, year={2018},
    month={Apr}}
    

    
@misc{safety,
    title={IEEE 1547-2018 - IEEE Standard for Interconnection and Interoperability of Distributed Energy Resources with Associated Electric Power Systems Interfaces}, url={https://standards.ieee.org/standard/1547-2018.html}, 
    year={2018},
    month={Feb}}

    
@article{opf_intro,
    author = {Stephen Frank and Steffen Rebennack},
    title = {An introduction to optimal power flow: Theory, formulation, and examples},
    journal = {IIE Transactions},
    volume = {48},
    number = {12},
    pages = {1172-1197},
    year  = {2016},
    publisher = {Taylor & Francis},
    doi = {10.1080/0740817X.2016.1189626},
    URL = { 
        https://doi.org/10.1080/0740817X.2016.1189626},
    eprint = { 
        https://doi.org/10.1080/0740817X.2016.1189626}
}
    
    
@misc{python_web,
    title={Welcome to Python.org},
    url={https://www.python.org/},
    journal={Python.org}
}

@ARTICLE{pandapower,
    author={L. Thurner and A. Scheidler and F. Schäfer and J. Menke and J. Dollichon and F. Meier and S. Meinecke and M. Braun},
    journal={IEEE Transactions on Power Systems},
    title={pandapower — An Open-Source Python Tool for Convenient Modeling, Analysis, and Optimization of Electric Power Systems},
    year={2018},
    month={11},
    volume={33},
    number={6},
    pages={6510-6521},
    doi={10.1109/TPWRS.2018.2829021},
    ISSN={0885-8950}
}

@misc{keras_chollet2015,
  title={Keras},
  author={François Chollet and others},
  year={2015},
  howpublished={\url{https://keras.io}},
}